
@BOOK{blue,
AUTHOR="William L Briggs",
TITLE="Multigrid Tutorial",
PUBLISHER="Lancaster Press",
YEAR="1987",
}

@BOOK{green,
AUTHOR="U. Trottenberg, C.W. OOsterlee, A. Schuller",
TITLE="Multigrid",
PUBLISHER="Academic Press",
YEAR="2001",
}

@ARTICLE{strang,
AUTHOR="Gilbert Strang",
TITLE="Lecture Notes: Multigrid Methods",
JOURNAL="MIT",
YEAR="2006",
}

@ARTICLE{mandli,
AUTHOR="Kyle Mandli",
TITLE="Lecture Notes: Numerical Methods for PDE's",
JOURNAL="Columbia University",
YEAR="2017",
}